<record><leader>00000cas a2200000 a 4500</leader><controlfield tag="001">36861602</controlfield><controlfield tag="008">970506d19341935fluwn ne      0    0eng c</controlfield><datafield ind1=" " ind2=" " tag="010"><subfield code="a">sn 97027771 </subfield></datafield><datafield ind1=" " ind2=" " tag="040"><subfield code="a">FUG</subfield><subfield code="b">eng</subfield><subfield code="c">FUG</subfield><subfield code="d">OCLCQ</subfield><subfield code="d">OCLCF</subfield><subfield code="d">OCLCO</subfield></datafield><datafield ind1="1" ind2=" " tag="029"><subfield code="a">AU@</subfield><subfield code="b">000013250339</subfield></datafield><datafield ind1=" " ind2=" " tag="042"><subfield code="a">pcc</subfield></datafield><datafield ind1=" " ind2=" " tag="043"><subfield code="a">n-us-fl</subfield></datafield><datafield ind1="0" ind2="4" tag="245"><subfield code="a">The Sanibel Islander.</subfield></datafield><datafield ind1=" " ind2=" " tag="260"><subfield code="a">Sanibel Island, Lee County, Fla. :</subfield><subfield code="b">[s.n.,</subfield><subfield code="c">1934]-1935.</subfield></datafield><datafield ind1=" " ind2=" " tag="300"><subfield code="a">1 v. :</subfield><subfield code="b">ill.</subfield></datafield><datafield ind1=" " ind2=" " tag="310"><subfield code="a">Weekly (during the tourist season)</subfield></datafield><datafield ind1="1" ind2=" " tag="362"><subfield code="a">Began in 1934.</subfield></datafield><datafield ind1="0" ind2=" " tag="362"><subfield code="a">-v. 1, no. 17 (Mar. 30, 1935).</subfield></datafield><datafield ind1=" " ind2=" " tag="500"><subfield code="a">"Published ... every now and then."</subfield></datafield><datafield ind1=" " ind2=" " tag="500"><subfield code="a">H.S. Carter, editor.</subfield></datafield><datafield ind1=" " ind2=" " tag="530"><subfield code="a">Also issued on microfilm from Micro Photo Division, Bell &amp; Howell.</subfield></datafield><datafield ind1=" " ind2=" " tag="588"><subfield code="a">Description based on: Vol. 1, no. 2 (Dec. 15, 1934).</subfield></datafield><datafield ind1=" " ind2="0" tag="651"><subfield code="a">Sanibel (Fla.)</subfield><subfield code="v">Newspapers.</subfield></datafield><datafield ind1=" " ind2="0" tag="651"><subfield code="a">Lee County (Fla.)</subfield><subfield code="v">Newspapers.</subfield></datafield><datafield ind1=" " ind2="7" tag="655"><subfield code="a">Newspapers.</subfield><subfield code="2">fast</subfield><subfield code="0">(OCoLC)fst01423814</subfield></datafield><datafield ind1=" " ind2="7" tag="651"><subfield code="a">Florida</subfield><subfield code="z">Lee County.</subfield><subfield code="2">fast</subfield><subfield code="0">(OCoLC)fst01202773</subfield></datafield><datafield ind1=" " ind2="7" tag="651"><subfield code="a">Florida</subfield><subfield code="z">Sanibel.</subfield><subfield code="2">fast</subfield><subfield code="0">(OCoLC)fst01222324</subfield></datafield><datafield ind1=" " ind2=" " tag="752"><subfield code="a">United States</subfield><subfield code="b">Florida</subfield><subfield code="c">Lee</subfield><subfield code="d">Sanibel.</subfield></datafield><datafield ind1="0" ind2="0" tag="785"><subfield code="t">Islander (Sanibel, Fla.)</subfield><subfield code="w">(DLC)sn 97027772</subfield><subfield code="w">(OCoLC)36861603</subfield></datafield></record>